<?xml version="1.0" encoding="UTF-8"?><collection xmlns="http://www.loc.gov/MARC21/slim"><record><leader>00433nam--2200169-i-4500</leader><controlfield tag="001">000006042</controlfield><controlfield tag="002">20161230</controlfield><controlfield tag="005">20161230201026</controlfield><controlfield tag="008">060222s1000------------r-----000-0-eng-d</controlfield><datafield ind1=" " ind2=" " tag="040"><subfield code="a">IFIN-HH</subfield></datafield><datafield ind1=" " ind2=" " tag="080"><subfield code="a">543.5</subfield></datafield><datafield ind1="1" ind2=" " tag="100"><subfield code="a">Bauman, R.P</subfield></datafield><datafield ind1="1" ind2="0" tag="245"><subfield code="a">Absorption spectroscopy</subfield><subfield code="c">Robert p. bauman</subfield></datafield><datafield ind1=" " ind2=" " tag="260"><subfield code="a">New York</subfield><subfield code="b">John Wiley And Sons, Inc</subfield><subfield code="c">1962</subfield></datafield><datafield ind1=" " ind2=" " tag="300"><subfield code="a">XIV + 611 P</subfield></datafield><datafield ind1=" " ind2=" " tag="852"><subfield code="a">17657</subfield><subfield code="c">543.5</subfield></datafield><datafield ind1=" " ind2=" " tag="CAT"><subfield code="a">Sys</subfield><subfield code="c">20141028</subfield><subfield code="h">173456</subfield></datafield></record></collection>